% Encoding: UTF-8

@article{Ianina2016,
	doi = {10.21469/22233792.2.2.04},
	url = {https://doi.org/10.21469/22233792.2.2.04},
	year  = {2016},
	publisher = {Computing Centre of the Russian Academy of Sciences},
	volume = {2},
	number = {2},
	pages = {173--186},
	author = {A.O. Ianina and K.V. Vorontsov},
	title = {Multimodal topic modeling for exploratory search in collective blog},
	journal = {Machine Learning and Data Analysis}
}


@InProceedings{vorontsov2015bigartm,
  author       = {Vorontsov, Konstantin and Frei, Oleksandr and Apishev, Murat and Romov, Peter and Dudarenko, Marina},
  title        = {BigARTM: open source library for regularized multimodal topic modeling of large collections},
  booktitle    = {International Conference on Analysis of Images, Social Networks and Texts},
  year         = {2015},
  pages        = {370--381},
  organization = {Springer},
}

@Article{vorontsov2015additive,
  author    = {Vorontsov, Konstantin and Potapenko, Anna},
  title     = {Additive regularization of topic models},
  journal   = {Machine Learning},
  year      = {2015},
  volume    = {101},
  number    = {1-3},
  pages     = {303--323},
  publisher = {Springer},
}

@Article{blei2003latent,
  author  = {Blei, David M and Ng, Andrew Y and Jordan, Michael I},
  title   = {Latent dirichlet allocation},
  journal = {Journal of machine Learning research},
  year    = {2003},
  volume  = {3},
  number  = {Jan},
  pages   = {993--1022},
}

@InProceedings{hofmann1999probabilistic,
  author       = {Hofmann, Thomas},
  title        = {Probabilistic latent semantic analysis},
  booktitle    = {Proceedings of the Fifteenth conference on Uncertainty in artificial intelligence},
  year         = {1999},
  pages        = {289--296},
  organization = {Morgan Kaufmann Publishers Inc.},
}

@InProceedings{Hofmann:1999:PLS:2073796.2073829,
  author    = {Hofmann, Thomas},
  title     = {Probabilistic Latent Semantic Analysis},
  booktitle = {Proceedings of the Fifteenth Conference on Uncertainty in Artificial Intelligence},
  year      = {1999},
  series    = {UAI'99},
  pages     = {289--296},
  address   = {San Francisco, CA, USA},
  publisher = {Morgan Kaufmann Publishers Inc.},
  acmid     = {2073829},
  isbn      = {1-55860-614-9},
  location  = {Stockholm, Sweden},
  numpages  = {8},
  url       = {http://dl.acm.org/citation.cfm?id=2073796.2073829},
}

@Comment{jabref-meta: databaseType:bibtex;}
